<record xmlns="http://www.loc.gov/MARC21/slim" xmlns:xsi="http://www.w3.org/2001/XMLSchema-instance" xsi:schemaLocation="http://www.loc.gov/MARC21/slim http://www.loc.gov/standards/marcxml/schema/MARC21slim.xsd"><leader>00627cz   2200181n  4500</leader><controlfield tag="001">oca02830278 </controlfield><controlfield tag="005">19901012122329.7</controlfield><controlfield tag="008">901009n| acannaab|          |a aaa |||  </controlfield><datafield ind1=" " ind2=" " tag="010"><subfield code="a">n  90702411 </subfield></datafield><datafield ind1=" " ind2=" " tag="040"><subfield code="a">DLC</subfield><subfield code="c">DLC</subfield><subfield code="d">DLC</subfield></datafield><datafield ind1="0" ind2=" " tag="100"><subfield code="a">Ibycus,</subfield><subfield code="d">6th cent. B.C.</subfield></datafield><datafield ind1="0" ind2=" " tag="400"><subfield code="a">Ibico,</subfield><subfield code="d">6th cent. B.C.</subfield></datafield><datafield ind1="0" ind2=" " tag="400"><subfield code="a">Ibykos,</subfield><subfield code="d">6th cent. B.C.</subfield></datafield><datafield ind1="0" ind2=" " tag="400"><subfield code="a">Ivykos,</subfield><subfield code="d">6th cent. B.C.</subfield></datafield><datafield ind1=" " ind2=" " tag="670"><subfield code="a">Nannini, S. Simboli e metafore ... c1988:</subfield><subfield code="b">p. 12 (Ibico)</subfield></datafield><datafield ind1=" " ind2=" " tag="670"><subfield code="a">LC manual auth. card</subfield><subfield code="b">(hdg.: Ibycus)</subfield></datafield><datafield ind1=" " ind2=" " tag="670"><subfield code="a">Oxford class. dict., 1979</subfield><subfield code="b">(Ibycus, lyric poet of the 6th cent. B.C.)</subfield></datafield><datafield ind1=" " ind2=" " tag="670"><subfield code="a">Papyros Larous, 1988:</subfield><subfield code="b">(Ivykos, 6th cent. B.C.)</subfield></datafield></record>